@inproceedings{buro2003real,
  title={Real-time strategy games: a new AI research challenge},
  author={Buro, M.},
  booktitle={Proceedings of the 18th international joint conference on Artificial intelligence},
  pages={1534--1535},
  year={2003},
  organization={Morgan Kaufmann Publishers Inc.}
}

@online{terranoverview,
  title = {Terran Strategy},
  organization = {Blizzard},
  month = {12},
  year = {2011},
  url = {http://classic.battle.net/scc/terran/}
}

@conference{weber2010aiide,
  title = {AIIDE 2010 - StarCraft AI Competition},
  author = {Ben Weber},
  location = {UC Santa Cruz},
  year = {2010},
  month = {10}
}

@incollection{baars2005gwt,
    title = "Global workspace theory of consciousness: toward a cognitive
neuroscience of human experience",
    editor = "Steven Laureys",
    booktitle = "The Boundaries of Consciousness: Neurobiology and
Neuropathology",
    publisher = "Elsevier",
    year = "2005",
    volume = "150",
    pages = "45 - 53",
    series = "Progress in Brain Research",
    issn = "0079-6123",
    doi = "10.1016/S0079-6123(05)50004-9",
    url = "http://www.sciencedirect.com/science/article/pii/S0079612305500049",
    author = "Bernard J. Baars"
}

@online{starcraft, 
  title = {StarCraft},
  organization = {Blizzard},
  month = {12},
  year = {2011},
  url = {http://us.blizzard.com/en-us/games/sc/}
}

@online{wargus, 
  title = {Wargus},
  organization = {The Wargus Team},
  month = {12},
  year = {2011},
  url = {http://wargus.sourceforge.net/index.shtml}
}

@online{eisbotvsfong, 
  title = {EISBot Plays Dennis “Thresh” Fong},
  author = {Ben Weber},
  month = {12},
  year = {2011},
  url = {http://eis-blog.ucsc.edu/2011/05/eisbot-plays-dennis-thresh-fong/  }
}

@article{campbell2002deep,
  title={Deep blue},
  author={Campbell, M. and Hoane, A.J. and Hsu, F. and others},
  journal={Artificial intelligence},
  volume={134},
  number={1-2},
  pages={57--83},
  year={2002},
  publisher={Elsevier}
}
@book{dennet1992consciousness,
    author = {Dennett, Daniel C.},
    day = {20},
    isbn = {0316180661},
    keywords = {cognitive-science},
    month = oct,
    posted-at = {2006-04-30 20:32:49},
    priority = {2},
    publisher = {{Back Bay Books}},
    title = {{Consciousness Explained}},
    url =
{http://www.amazon.com/exec/obidos/redirect?tag=citeulike07-20\&path=ASIN/031618
0661},
    year = {1992}
}


@techreport{nii1986blackboard,
 author = {Nii, H. P},
 title = {Blackboard Systems},
 year = {1986},
 source =
{http://www.ncstrl.org:8900/ncstrl/servlet/search?formname=detail\&id=oai%3Ancst
rlh%3Astan%3ASTAN%2F%2FCS-TR-86-1123},
 publisher = {Stanford University},
 address = {Stanford, CA, USA},
} 

@article{atkinson2000consciousness,
  title = {Consciousness: mapping the theoretical landscape},
  journal = {Trends in Cognitive Sciences},
  volume = {4},
  number = {10},
  pages = {372 - 382},
  year = {2000},
  issn = {1364-6613},
  doi = {10.1016/S1364-6613(00)01533-3},
  url = {http://www.sciencedirect.com/science/article/pii/S1364661300015333},
  author = {Anthony P. Atkinson and Michael S.C. Thomas and Axel Cleeremans}
}

@book{haikonen2007robotbrains,
 author = {Haikonen, Pentti O.},
 title = {Robot Brains: Circuits and Systems for Conscious Machines},
 year = {2007},
 isbn = {0470062045, 9780470062043},
 publisher = {Wiley-Interscience},
 address = {New York, NY, USA},
 url = {http://www.google.no/books?id=3ifpZjzp-WAC&oi=fnd&pg=PR5}
} 

@article{arrabales2009ceracranium,
  title={CERA-CRANIUM: A test bed for machine consciousness research},
  author={Arrabales, R. and Ledezma, A. and Sanchis, A.},
  year={2009}
}

@inproceedings{arrabales2009gamechars,
  title={Towards conscious-like behavior in computer game characters},
  author={Arrabales, R. and Ledezma, A. and Sanchis, A.},
  booktitle={Computational Intelligence and Games, 2009. CIG 2009. IEEE
Symposium on},
  pages={217--224},
  year={2009},
  organization={IEEE}
}

@inproceedings{synnaeve2011bayesian,
  title={A Bayesian model for RTS units control applied to StarCraft},
  author={Synnaeve, G. and Bessiere, P.},
  booktitle={Computational Intelligence and Games (CIG), 2011 IEEE Conference on},
  pages={190--196},
  year={2011},
  organization={IEEE}
}

@article{pérezmulti,
  title={Multi-Reactive Planning for Real-Time Strategy Games},
  author={P{\'e}rez, A.U.},
  year={2011}
}

@article{franklin2003interacting,
  title={Interacting with IDA},
  author={Franklin, S. and McCauley, L.},
  journal={Agent autonomy},
  pages={159--186},
  year={2003},
  publisher={Springer}
}

@article{dehaene2001towards,
  title={Towards a cognitive neuroscience of consciousness: basic evidence and a
workspace framework},
  author={Dehaene, S. and Naccache, L.},
  journal={Cognition},
  volume={79},
  number={1},
  pages={1--37},
  year={2001},
  publisher={Elsevier}
}

@online{bwapi,
  title = {Brood War Application Programming Interface},
  organization = {BWAPI Team},
  month = {12},
  year = {2011},
  url = {http://code.google.com/p/bwapi/}
}

@online{bwsal,
  title = {BWAPI Standard Add-on Library},
  organization = {BWSAL Team},
  month = {12},
  year = {2011},
  url = {http://code.google.com/p/bwsal/}
}

@online{bwta,
  title = {Broodwar Terrain Analyzer},
  organization = {BWTA Team},
  month = {12},
  year = {2011},
  url = {http://code.google.com/p/bwta/}
}

@inproceedings{franklin2007lida,
  title={LIDA: A computational model of global workspace theory and
developmental learning},
  author={Franklin, S. and Ramamurthy, U. and D’Mello, S.K. and McCauley, L. and
Negatu, A. and Silva, R. and Datla, V.},
  booktitle={AAAI Fall Symposium on AI and Consciousness: Theoretical
Foundations and Current Approaches},
  pages={61--66},
  year={2007}
}

@article{llinas1998neuronal,
  title={The neuronal basis for consciousness},
  author={Llin{\'a}s, R. and Ribary, U. and Contreras, D. and Pedroarena, C.},
  journal={Philosophical Transactions of the Royal Society of London. Series B:
Biological Sciences},
  volume={353},
  number={1377},
  pages={1841--1849},
  year={1998},
  publisher={The Royal Society}
}

@article{freeman2003neurobiological,
  title={A neurobiological theory of meaning in perception. Part 5.
Multicortical patterns of phase modulation in gamma EEG},
  author={Freeman III, W.J. and Rogers, L.J.},
  journal={International Journal of Bifurcation \& Chaos},
  volume={13},
  year={2003}
}

@article{shanahan2005applying,
  title={Applying global workspace theory to the frame problem},
  author={Shanahan, M. and Baars, B.},
  journal={Cognition},
  volume={98},
  number={2},
  pages={157--176},
  year={2005},
  publisher={Elsevier}
}

@article{baars2003brain,
  title={How Brain Reveals Mind Neural Studies Support the Fundamental Role of
Conscious Experience},
  author={Baars, B.},
  journal={Journal of Consciousness Studies, 10},
  volume={9},
  number={10},
  pages={100--114},
  year={2003},
  publisher={Imprint Academic}
}

@article{wintermute2007sorts,
  title={SORTS: A human-level approach to real-time strategy AI},
  author={Wintermute, S. and Xu, J. and Laird, J.E.},
  journal={Ann Arbor},
  volume={1001},
  pages={48109--2121},
  year={2007}
}

@article{smidts1997ida,
  title={The IDA cognitive model for the analysis of nuclear power plant
operator response under accident conditions. Part I: problem solving and
decision making model},
  author={Smidts, C. and Shen, SH and Mosleh, A.},
  journal={Reliability Engineering \& System Safety},
  volume={55},
  number={1},
  pages={51--71},
  year={1997},
  publisher={Elsevier}
}

@article{baars2007architectural,
  title={An architectural model of conscious and unconscious brain functions:
Global Workspace Theory and IDA},
  author={Baars, B.J. and Franklin, S.},
  journal={Neural Networks},
  volume={20},
  number={9},
  pages={955--961},
  year={2007},
  publisher={Elsevier}
}

@inproceedings{franklin1998ida,
  title={IDA: A cognitive agent architecture},
  author={Franklin, S. and Kelemen, A. and McCauley, L.},
  booktitle={Systems, Man, and Cybernetics, 1998. 1998 IEEE International
Conference on},
  volume={3},
  pages={2646--2651},
  year={1998},
  organization={IEEE}
}

@article{franklin2006lida,
  title={The LIDA architecture: Adding new modes of learning to an intelligent,
autonomous, software agent},
  author={Franklin, S. and Patterson Jr, FG},
  journal={pat},
  volume={703},
  pages={764--1004},
  year={2006}
}

@article{snaider2011lida,
  title={The LIDA framework as a general tool for AGI},
  author={Snaider, J. and McCall, R. and Franklin, S.},
  journal={Artificial General Intelligence},
  pages={133--142},
  year={2011},
  publisher={Springer}
}

@online{hindijantu,
  title = {Hindi dictionary entry for jantu},
  url = {http://hamariweb.com/dictionaries/animal_hindi-meanings.aspx}
}

@article{maes1989right,
  title={How to do the right thing},
  author={Pattie Maes},
  journal={Connection Science},
  volume={1},
  number={3},
  pages={291--323},
  year={1989},
  publisher={Taylor \& Francis}
}

@article{franklin1997agent,
  title={Is it an Agent, or just a Program?: A Taxonomy for Autonomous Agents},
  author={Franklin, S. and Graesser, A.},
  journal={Intelligent Agents III Agent Theories, Architectures, and Languages},
  pages={21--35},
  year={1997},
  publisher={Springer}
}

@inproceedings{franklin1996virtual,
  title={Virtual Mattie-an intelligent clerical agent},
  author={Franklin, S. and Graesser, A. and Olde, B. and Song, H. and Negatu, A.},
  booktitle={AAAI Symposium on Embodied Cognition and Action, Cambridge MA},
  year={1996}
}


@online{jni,
  title = {Java Native Interface: Programmer's Guide and Specification},
  url = {http://java.sun.com/docs/books/jni/}
}